@misc{iso_13849_part1,
  author       = {{International Standards Organization}},
  title        = {ISO 13849-1:2015 Safety of machinery - Safety-related parts of control systems - Part 1: General principles for design},
  shorttitle   = {ISO 13849-1:2015},
  address      = {Geneva, CH},
  howpublished = {\url{https://www.iso.org/standard/69883.html}},
  month        = {12},
  year         = {2015},
  pages        = {1-86},
  language     = {en},
  number       = {ISO 13849-1:2015},
  keywords     = {norms}
}

@misc{iso_13849_part2,
  author       = {{International Standards Organization}},
  title        = {ISO 13849-2:2012 Safety of machinery -- Safety-related parts of control systems -- Part 2: Validation},
  shorttitle   = {ISO 13849-2:2012},
  address      = {Geneva, CH},
  howpublished = {\url{https://www.iso.org/standard/53640.html}},
  month        = {10},
  year         = {2012},
  pages        = {1-79},
  language     = {en},
  number       = {ISO 13849-2:2012},
  keywords     = {norms}
}

@misc{iso_12100,
  author       = {{International Standards Organization}},
  title        = {ISO 12100:2010 Safety of machinery -- General principles for design -- Risk assessment and risk reduction},
  shorttitle   = {ISO 12100:2010},
  address      = {Geneva, CH},
  howpublished = {\url{https://www.iso.org/standard/51528.html}},
  month        = {11},
  year         = {2010},
  pages        = {1-77},
  language     = {en},
  number       = {ISO 12100:2010},
  keywords     = {norms}
}

@online{ISO:online,
  author   = {{International Standards Organization}},
  title    = {About us},
  url      = {https://www.iso.org/about-us.html},
  urldate  = {2022-04-13},
  keywords = {other}
}

@online{IEC:online,
  author   = {{International Electrotechnical Comission}},
  title    = {About us},
  url      = {https://iec.ch/about-us},
  urldate  = {2022-04-13},
  keywords = {other}
}

@online{DIN:online,
  author   = {{Deutsches Institut für Normung}},
  title    = {DIN - Kurz erklärt},
  url      = {https://www.din.de/de/ueber-normen-und-standards/basiswissen},
  urldate  = {2022-04-13},
  keywords = {other}
}


@book{Isermann2010,
  title     = {Elektronisches Management Motorischer Fahrzeugantriebe},
  editor    = {Isermann, Rolf},
  publisher = {Vieweg+Teubner Verlag},
  series    = {Atz/Mtz-Fachbuch},
  edition   = 2010,
  month     = feb,
  year      = 2010,
  address   = {Wiesbaden, Germany},
  language  = {de},
  keywords  = {book}
}

@inproceedings{francke2015internet,
  title     = {Internet shopping and its impacts on mobility},
  author    = {Francke, J and Visser, J},
  booktitle = {25th World Road Congress (PIARC)},
  pages     = {2--6},
  year      = {2015},
  keywords  = {proceedings}
}